% This file was created with JabRef 2.9.2.
% Encoding: Cp1250

@MASTERSTHESIS{Dlabaja2018,
  author = {Dlabaja, Drahomír},
  type = {Bakal{\'{a}}{\v{r}}sk{\'{a}} pr{\'{a}}ce},
  title = {Ztrátová komprese plenoptických fotografií},
  school = {Vysoké učení technické v Brně. Fakulta informačních technologií},
  year = {2018},
  language = {czech},
  keywords = {fotografie um; programovací jazyk C++ vt; bakalářské práce; světelné pole; ztrátová komprese; plenoptická fotografie; transformační kódování; diskrétní kosinová transformace,; JPEG; JPEG 2000; HEVC},
  location = {Brno},
}

@INPROCEEDINGS{Barina2019,
    author={David Barina and Tomas Chlubna and Marek Solony and Drahomir Dlabaja and Pavel Zemcik},
    title={Evaluation of 4D Light Field Compression Methods},
    booktitle = {International Conference in Central Europe on Computer Graphics, Visualization and Computer Vision (WSCG)},
    year={2019},
}
